%YAML 1.1
%TAG !u! tag:unity3d.com,2011:
--- !u!29 &1
OcclusionCullingSettings:
  m_ObjectHideFlags: 0
  serializedVersion: 2
  m_OcclusionBakeSettings:
    smallestOccluder: 5
    smallestHole: 0.25
    backfaceThreshold: 100
  m_SceneGUID: 00000000000000000000000000000000
  m_OcclusionCullingData: {fileID: 0}
--- !u!104 &2
RenderSettings:
  m_ObjectHideFlags: 0
  serializedVersion: 9
  m_Fog: 0
  m_FogColor: {r: 1, g: 1, b: 1, a: 1}
  m_FogMode: 1
  m_FogDensity: 0.03
  m_LinearFogStart: 160
  m_LinearFogEnd: 250
  m_AmbientSkyColor: {r: 1, g: 1, b: 1, a: 1}
  m_AmbientEquatorColor: {r: 0.114, g: 0.125, b: 0.133, a: 1}
  m_AmbientGroundColor: {r: 0.047, g: 0.043, b: 0.035, a: 1}
  m_AmbientIntensity: 0
  m_AmbientMode: 0
  m_SubtractiveShadowColor: {r: 0, g: 0, b: 0, a: 1}
  m_SkyboxMaterial: {fileID: 2100000, guid: 74e09fc0417b6f94c95b3a55ae362ec9, type: 2}
  m_HaloStrength: 0.5
  m_FlareStrength: 1
  m_FlareFadeSpeed: 3
  m_HaloTexture: {fileID: 0}
  m_SpotCookie: {fileID: 10001, guid: 0000000000000000e000000000000000, type: 0}
  m_DefaultReflectionMode: 0
  m_DefaultReflectionResolution: 128
  m_ReflectionBounces: 1
  m_ReflectionIntensity: 0.25
  m_CustomReflection: {fileID: 0}
  m_Sun: {fileID: 0}
  m_IndirectSpecularColor: {r: 0.14151078, g: 0.18773064, b: 0.2131663, a: 0.25}
  m_UseRadianceAmbientProbe: 0
--- !u!157 &3
LightmapSettings:
  m_ObjectHideFlags: 0
  serializedVersion: 12
  m_GIWorkflowMode: 1
  m_GISettings:
    serializedVersion: 2
    m_BounceScale: 1
    m_IndirectOutputScale: 1
    m_AlbedoBoost: 1
    m_EnvironmentLightingMode: 0
    m_EnableBakedLightmaps: 1
    m_EnableRealtimeLightmaps: 0
  m_LightmapEditorSettings:
    serializedVersion: 12
    m_Resolution: 2
    m_BakeResolution: 40
    m_AtlasSize: 1024
    m_AO: 0
    m_AOMaxDistance: 1
    m_CompAOExponent: 1
    m_CompAOExponentDirect: 0
    m_ExtractAmbientOcclusion: 0
    m_Padding: 2
    m_LightmapParameters: {fileID: 0}
    m_LightmapsBakeMode: 1
    m_TextureCompression: 1
    m_FinalGather: 0
    m_FinalGatherFiltering: 1
    m_FinalGatherRayCount: 256
    m_ReflectionCompression: 2
    m_MixedBakeMode: 2
    m_BakeBackend: 1
    m_PVRSampling: 1
    m_PVRDirectSampleCount: 32
    m_PVRSampleCount: 500
    m_PVRBounces: 2
    m_PVREnvironmentSampleCount: 500
    m_PVREnvironmentReferencePointCount: 2048
    m_PVRFilteringMode: 2
    m_PVRDenoiserTypeDirect: 0
    m_PVRDenoiserTypeIndirect: 0
    m_PVRDenoiserTypeAO: 0
    m_PVRFilterTypeDirect: 0
    m_PVRFilterTypeIndirect: 0
    m_PVRFilterTypeAO: 0
    m_PVREnvironmentMIS: 0
    m_PVRCulling: 1
    m_PVRFilteringGaussRadiusDirect: 1
    m_PVRFilteringGaussRadiusIndirect: 5
    m_PVRFilteringGaussRadiusAO: 2
    m_PVRFilteringAtrousPositionSigmaDirect: 0.5
    m_PVRFilteringAtrousPositionSigmaIndirect: 2
    m_PVRFilteringAtrousPositionSigmaAO: 1
    m_ExportTrainingData: 0
    m_TrainingDataDestination: TrainingData
    m_LightProbeSampleCountMultiplier: 4
  m_LightingDataAsset: {fileID: 112000000, guid: d1aea77d3030e2646878dccf36fb047b, type: 2}
  m_LightingSettings: {fileID: 4890085278179872738, guid: f2a7c60353432fe4b8937a862c48dcb3, type: 2}
--- !u!196 &4
NavMeshSettings:
  serializedVersion: 2
  m_ObjectHideFlags: 0
  m_BuildSettings:
    serializedVersion: 3
    agentTypeID: 0
    agentRadius: 0.5
    agentHeight: 2
    agentSlope: 45
    agentClimb: 0.4
    ledgeDropHeight: 0
    maxJumpAcrossDistance: 0
    minRegionArea: 2
    manualCellSize: 0
    cellSize: 0.16666667
    manualTileSize: 0
    tileSize: 256
    buildHeightMesh: 0
    maxJobWorkers: 0
    preserveTilesOutsideBounds: 0
    debug:
      m_Flags: 0
  m_NavMeshData: {fileID: 0}
--- !u!1 &72543810
GameObject:
  m_ObjectHideFlags: 0
  m_CorrespondingSourceObject: {fileID: 0}
  m_PrefabInstance: {fileID: 0}
  m_PrefabAsset: {fileID: 0}
  serializedVersion: 6
  m_Component:
  - component: {fileID: 72543812}
  - component: {fileID: 72543811}
  m_Layer: 0
  m_Name: Geodata
  m_TagString: Untagged
  m_Icon: {fileID: 0}
  m_NavMeshLayer: 0
  m_StaticEditorFlags: 0
  m_IsActive: 0
--- !u!114 &72543811
MonoBehaviour:
  m_ObjectHideFlags: 0
  m_CorrespondingSourceObject: {fileID: 0}
  m_PrefabInstance: {fileID: 0}
  m_PrefabAsset: {fileID: 0}
  m_GameObject: {fileID: 72543810}
  m_Enabled: 1
  m_EditorHideFlags: 0
  m_Script: {fileID: 11500000, guid: 81f6427f0dd98354db59a370fa0d0f94, type: 3}
  m_Name: 
  m_EditorClassIdentifier: 
  terrainTransform: {fileID: 1232945481}
  terrainWidth: 625
  scaledTerrainWidth: 0
  nodeSize: 0.5
  characterHeight: 2
  erosionThreshold: 0.3
  walkableMask:
    serializedVersion: 2
    m_Bits: 264
  obstacleMask:
    serializedVersion: 2
    m_Bits: 66176
  allowWalkMask:
    serializedVersion: 2
    m_Bits: 1024
  castHeight: 0.25
  castOffset: 0.5
  castLength: 0.6
  enableCustomGeneratedTerrainWidth: 0
  customGeneratedTerrainWidth: 300
  enableCustomGeneratedTerrainOrigin: 0
  customGeneratedTerrainOrigin: {x: 4536.7, y: -182.2352, z: -1679.543}
  drawGizmos: 0
  gizmosDistance: 10.9
  export: 1
  exportPath: geodata
--- !u!4 &72543812
Transform:
  m_ObjectHideFlags: 0
  m_CorrespondingSourceObject: {fileID: 0}
  m_PrefabInstance: {fileID: 0}
  m_PrefabAsset: {fileID: 0}
  m_GameObject: {fileID: 72543810}
  serializedVersion: 2
  m_LocalRotation: {x: -0, y: -0, z: -0, w: 1}
  m_LocalPosition: {x: 4666.02, y: -68.729996, z: -1575.79}
  m_LocalScale: {x: 1, y: 1, z: 1}
  m_ConstrainProportionsScale: 0
  m_Children: []
  m_Father: {fileID: 0}
  m_LocalEulerAnglesHint: {x: 0, y: 0, z: 0}
--- !u!1001 &512377328
PrefabInstance:
  m_ObjectHideFlags: 0
  serializedVersion: 2
  m_Modification:
    serializedVersion: 3
    m_TransformParent: {fileID: 0}
    m_Modifications:
    - target: {fileID: 3377054534436817649, guid: e27bba7c7665bfb41b58b358f4040e5f, type: 3}
      propertyPath: m_Name
      value: 17_24_AmbientSounds
      objectReference: {fileID: 0}
    - target: {fileID: 6864361237687384545, guid: e27bba7c7665bfb41b58b358f4040e5f, type: 3}
      propertyPath: m_LocalPosition.x
      value: 0
      objectReference: {fileID: 0}
    - target: {fileID: 6864361237687384545, guid: e27bba7c7665bfb41b58b358f4040e5f, type: 3}
      propertyPath: m_LocalPosition.y
      value: 0
      objectReference: {fileID: 0}
    - target: {fileID: 6864361237687384545, guid: e27bba7c7665bfb41b58b358f4040e5f, type: 3}
      propertyPath: m_LocalPosition.z
      value: 0
      objectReference: {fileID: 0}
    - target: {fileID: 6864361237687384545, guid: e27bba7c7665bfb41b58b358f4040e5f, type: 3}
      propertyPath: m_LocalRotation.w
      value: 1
      objectReference: {fileID: 0}
    - target: {fileID: 6864361237687384545, guid: e27bba7c7665bfb41b58b358f4040e5f, type: 3}
      propertyPath: m_LocalRotation.x
      value: 0
      objectReference: {fileID: 0}
    - target: {fileID: 6864361237687384545, guid: e27bba7c7665bfb41b58b358f4040e5f, type: 3}
      propertyPath: m_LocalRotation.y
      value: 0
      objectReference: {fileID: 0}
    - target: {fileID: 6864361237687384545, guid: e27bba7c7665bfb41b58b358f4040e5f, type: 3}
      propertyPath: m_LocalRotation.z
      value: 0
      objectReference: {fileID: 0}
    - target: {fileID: 6864361237687384545, guid: e27bba7c7665bfb41b58b358f4040e5f, type: 3}
      propertyPath: m_LocalEulerAnglesHint.x
      value: 0
      objectReference: {fileID: 0}
    - target: {fileID: 6864361237687384545, guid: e27bba7c7665bfb41b58b358f4040e5f, type: 3}
      propertyPath: m_LocalEulerAnglesHint.y
      value: 0
      objectReference: {fileID: 0}
    - target: {fileID: 6864361237687384545, guid: e27bba7c7665bfb41b58b358f4040e5f, type: 3}
      propertyPath: m_LocalEulerAnglesHint.z
      value: 0
      objectReference: {fileID: 0}
    m_RemovedComponents: []
    m_RemovedGameObjects: []
    m_AddedGameObjects: []
    m_AddedComponents: []
  m_SourcePrefab: {fileID: 100100000, guid: e27bba7c7665bfb41b58b358f4040e5f, type: 3}
--- !u!1001 &1092699448
PrefabInstance:
  m_ObjectHideFlags: 0
  serializedVersion: 2
  m_Modification:
    serializedVersion: 3
    m_TransformParent: {fileID: 0}
    m_Modifications:
    - target: {fileID: 3184036738183309665, guid: d96cf1383f8904f42a7cb4bc7192bed5, type: 3}
      propertyPath: m_LocalPosition.x
      value: 3742.4763
      objectReference: {fileID: 0}
    - target: {fileID: 3184036738183309665, guid: d96cf1383f8904f42a7cb4bc7192bed5, type: 3}
      propertyPath: m_LocalPosition.y
      value: -182.23521
      objectReference: {fileID: 0}
    - target: {fileID: 3184036738183309665, guid: d96cf1383f8904f42a7cb4bc7192bed5, type: 3}
      propertyPath: m_LocalPosition.z
      value: -1874.8953
      objectReference: {fileID: 0}
    - target: {fileID: 3184036738183309665, guid: d96cf1383f8904f42a7cb4bc7192bed5, type: 3}
      propertyPath: m_LocalRotation.w
      value: 1
      objectReference: {fileID: 0}
    - target: {fileID: 3184036738183309665, guid: d96cf1383f8904f42a7cb4bc7192bed5, type: 3}
      propertyPath: m_LocalRotation.x
      value: 0
      objectReference: {fileID: 0}
    - target: {fileID: 3184036738183309665, guid: d96cf1383f8904f42a7cb4bc7192bed5, type: 3}
      propertyPath: m_LocalRotation.y
      value: 0
      objectReference: {fileID: 0}
    - target: {fileID: 3184036738183309665, guid: d96cf1383f8904f42a7cb4bc7192bed5, type: 3}
      propertyPath: m_LocalRotation.z
      value: 0
      objectReference: {fileID: 0}
    - target: {fileID: 3184036738183309665, guid: d96cf1383f8904f42a7cb4bc7192bed5, type: 3}
      propertyPath: m_LocalEulerAnglesHint.x
      value: 0
      objectReference: {fileID: 0}
    - target: {fileID: 3184036738183309665, guid: d96cf1383f8904f42a7cb4bc7192bed5, type: 3}
      propertyPath: m_LocalEulerAnglesHint.y
      value: 0
      objectReference: {fileID: 0}
    - target: {fileID: 3184036738183309665, guid: d96cf1383f8904f42a7cb4bc7192bed5, type: 3}
      propertyPath: m_LocalEulerAnglesHint.z
      value: 0
      objectReference: {fileID: 0}
    - target: {fileID: 4102630693372597724, guid: d96cf1383f8904f42a7cb4bc7192bed5, type: 3}
      propertyPath: m_Name
      value: 17_24_DecoLayer
      objectReference: {fileID: 0}
    m_RemovedComponents: []
    m_RemovedGameObjects: []
    m_AddedGameObjects: []
    m_AddedComponents: []
  m_SourcePrefab: {fileID: 100100000, guid: d96cf1383f8904f42a7cb4bc7192bed5, type: 3}
--- !u!1 &1171460909
GameObject:
  m_ObjectHideFlags: 0
  m_CorrespondingSourceObject: {fileID: 0}
  m_PrefabInstance: {fileID: 0}
  m_PrefabAsset: {fileID: 0}
  serializedVersion: 6
  m_Component:
  - component: {fileID: 1171460911}
  - component: {fileID: 1171460910}
  m_Layer: 0
  m_Name: Probe Volume
  m_TagString: Untagged
  m_Icon: {fileID: 0}
  m_NavMeshLayer: 0
  m_StaticEditorFlags: 0
  m_IsActive: 1
--- !u!114 &1171460910
MonoBehaviour:
  m_ObjectHideFlags: 0
  m_CorrespondingSourceObject: {fileID: 0}
  m_PrefabInstance: {fileID: 0}
  m_PrefabAsset: {fileID: 0}
  m_GameObject: {fileID: 1171460909}
  m_Enabled: 1
  m_EditorHideFlags: 0
  m_Script: {fileID: 11500000, guid: cded085d155cde949b60f67a11dbc3bd, type: 3}
  m_Name: 
  m_EditorClassIdentifier: 
  mode: 1
  size: {x: 627.1624, y: 21.04979, z: 627.1624}
  overrideRendererFilters: 0
  minRendererVolumeSize: 0.1
  objectLayerMask:
    serializedVersion: 2
    m_Bits: 4294967295
  lowestSubdivLevelOverride: 0
  highestSubdivLevelOverride: -1
  overridesSubdivLevels: 0
  mightNeedRebaking: 1
  cachedTransform:
    e00: 1
    e01: 0
    e02: 0
    e03: -4678.705
    e10: 0
    e11: 1
    e12: 0
    e13: 67.346054
    e20: 0
    e21: 0
    e22: 1
    e23: 1562.8191
    e30: 0
    e31: 0
    e32: 0
    e33: 1
  cachedHashCode: -1288990399
  fillEmptySpaces: 0
  version: 1
  globalVolume: 0
--- !u!4 &1171460911
Transform:
  m_ObjectHideFlags: 0
  m_CorrespondingSourceObject: {fileID: 0}
  m_PrefabInstance: {fileID: 0}
  m_PrefabAsset: {fileID: 0}
  m_GameObject: {fileID: 1171460909}
  serializedVersion: 2
  m_LocalRotation: {x: -0, y: -0, z: -0, w: 1}
  m_LocalPosition: {x: 4054.5525, y: -80.83521, z: -1562.8191}
  m_LocalScale: {x: 1, y: 1, z: 1}
  m_ConstrainProportionsScale: 0
  m_Children: []
  m_Father: {fileID: 0}
  m_LocalEulerAnglesHint: {x: 0, y: 0, z: 0}
--- !u!4 &1232945481 stripped
Transform:
  m_CorrespondingSourceObject: {fileID: 930385801627413160, guid: 884d9a7a16a96e146bafcb3f62f2c263, type: 3}
  m_PrefabInstance: {fileID: 2048157148}
  m_PrefabAsset: {fileID: 0}
--- !u!1 &1979173058
GameObject:
  m_ObjectHideFlags: 1
  m_CorrespondingSourceObject: {fileID: 0}
  m_PrefabInstance: {fileID: 0}
  m_PrefabAsset: {fileID: 0}
  serializedVersion: 6
  m_Component:
  - component: {fileID: 1979173060}
  - component: {fileID: 1979173059}
  m_Layer: 0
  m_Name: ProbeVolumePerSceneData
  m_TagString: Untagged
  m_Icon: {fileID: 0}
  m_NavMeshLayer: 0
  m_StaticEditorFlags: 0
  m_IsActive: 1
--- !u!114 &1979173059
MonoBehaviour:
  m_ObjectHideFlags: 1
  m_CorrespondingSourceObject: {fileID: 0}
  m_PrefabInstance: {fileID: 0}
  m_PrefabAsset: {fileID: 0}
  m_GameObject: {fileID: 1979173058}
  m_Enabled: 1
  m_EditorHideFlags: 0
  m_Script: {fileID: 11500000, guid: a83d2f7ae04ab6f4f99b0d85377be998, type: 3}
  m_Name: 
  m_EditorClassIdentifier: 
  asset: {fileID: 0}
  cellSharedDataAsset: {fileID: 0}
  cellSupportDataAsset: {fileID: 0}
  serializedScenarios: []
--- !u!4 &1979173060
Transform:
  m_ObjectHideFlags: 1
  m_CorrespondingSourceObject: {fileID: 0}
  m_PrefabInstance: {fileID: 0}
  m_PrefabAsset: {fileID: 0}
  m_GameObject: {fileID: 1979173058}
  serializedVersion: 2
  m_LocalRotation: {x: 0, y: 0, z: 0, w: 1}
  m_LocalPosition: {x: 0, y: 0, z: 0}
  m_LocalScale: {x: 1, y: 1, z: 1}
  m_ConstrainProportionsScale: 0
  m_Children: []
  m_Father: {fileID: 0}
  m_LocalEulerAnglesHint: {x: 0, y: 0, z: 0}
--- !u!1001 &2048157148
PrefabInstance:
  m_ObjectHideFlags: 0
  serializedVersion: 2
  m_Modification:
    serializedVersion: 3
    m_TransformParent: {fileID: 0}
    m_Modifications:
    - target: {fileID: 887938356111893977, guid: 884d9a7a16a96e146bafcb3f62f2c263, type: 3}
      propertyPath: m_Mesh
      value: 
      objectReference: {fileID: 4300000, guid: 754de745a23712f448ae402775b55654, type: 2}
    - target: {fileID: 930385801627413160, guid: 884d9a7a16a96e146bafcb3f62f2c263, type: 3}
      propertyPath: m_LocalPosition.x
      value: 3742.4763
      objectReference: {fileID: 0}
    - target: {fileID: 930385801627413160, guid: 884d9a7a16a96e146bafcb3f62f2c263, type: 3}
      propertyPath: m_LocalPosition.y
      value: -182.23521
      objectReference: {fileID: 0}
    - target: {fileID: 930385801627413160, guid: 884d9a7a16a96e146bafcb3f62f2c263, type: 3}
      propertyPath: m_LocalPosition.z
      value: -1874.8953
      objectReference: {fileID: 0}
    - target: {fileID: 930385801627413160, guid: 884d9a7a16a96e146bafcb3f62f2c263, type: 3}
      propertyPath: m_LocalRotation.w
      value: 1
      objectReference: {fileID: 0}
    - target: {fileID: 930385801627413160, guid: 884d9a7a16a96e146bafcb3f62f2c263, type: 3}
      propertyPath: m_LocalRotation.x
      value: 0
      objectReference: {fileID: 0}
    - target: {fileID: 930385801627413160, guid: 884d9a7a16a96e146bafcb3f62f2c263, type: 3}
      propertyPath: m_LocalRotation.y
      value: 0
      objectReference: {fileID: 0}
    - target: {fileID: 930385801627413160, guid: 884d9a7a16a96e146bafcb3f62f2c263, type: 3}
      propertyPath: m_LocalRotation.z
      value: 0
      objectReference: {fileID: 0}
    - target: {fileID: 930385801627413160, guid: 884d9a7a16a96e146bafcb3f62f2c263, type: 3}
      propertyPath: m_LocalEulerAnglesHint.x
      value: 0
      objectReference: {fileID: 0}
    - target: {fileID: 930385801627413160, guid: 884d9a7a16a96e146bafcb3f62f2c263, type: 3}
      propertyPath: m_LocalEulerAnglesHint.y
      value: 0
      objectReference: {fileID: 0}
    - target: {fileID: 930385801627413160, guid: 884d9a7a16a96e146bafcb3f62f2c263, type: 3}
      propertyPath: m_LocalEulerAnglesHint.z
      value: 0
      objectReference: {fileID: 0}
    - target: {fileID: 2592646748282805794, guid: 884d9a7a16a96e146bafcb3f62f2c263, type: 3}
      propertyPath: m_LocalPosition.y
      value: 106.9
      objectReference: {fileID: 0}
    - target: {fileID: 7520717356584219700, guid: 884d9a7a16a96e146bafcb3f62f2c263, type: 3}
      propertyPath: m_Name
      value: 17_24
      objectReference: {fileID: 0}
    m_RemovedComponents: []
    m_RemovedGameObjects: []
    m_AddedGameObjects: []
    m_AddedComponents: []
  m_SourcePrefab: {fileID: 100100000, guid: 884d9a7a16a96e146bafcb3f62f2c263, type: 3}
--- !u!1660057539 &9223372036854775807
SceneRoots:
  m_ObjectHideFlags: 0
  m_Roots:
  - {fileID: 512377328}
  - {fileID: 2048157148}
  - {fileID: 1092699448}
  - {fileID: 1979173060}
  - {fileID: 1171460911}
  - {fileID: 72543812}
